<?xml version="1.0" encoding="UTF-8"?><record xmlns="http://www.loc.gov/MARC21/slim" xmlns:cinclude="http://apache.org/cocoon/include/1.0" xmlns:zs="http://www.loc.gov/zing/srw/">
  <leader>02190cz  a2200217n  4500</leader>
  <controlfield tag="001">n  85187174 </controlfield>
  <controlfield tag="003">DLC</controlfield>
  <controlfield tag="005">20160930075351.0</controlfield>
  <controlfield tag="008">851230n| azannaabn          |a ana      </controlfield>
  <datafield tag="010" ind1=" " ind2=" ">
    <subfield code="a">n  85187174 </subfield>
  </datafield>
  <datafield tag="035" ind1=" " ind2=" ">
    <subfield code="a">(OCoLC)oca01463571</subfield>
  </datafield>
  <datafield tag="040" ind1=" " ind2=" ">
    <subfield code="a">DLC</subfield>
    <subfield code="b">eng</subfield>
    <subfield code="e">rda</subfield>
    <subfield code="c">DLC</subfield>
    <subfield code="d">DLC</subfield>
    <subfield code="d">OCoLC</subfield>
    <subfield code="d">DLC</subfield>
    <subfield code="d">ViFGM</subfield>
  </datafield>
  <datafield tag="111" ind1="2" ind2=" ">
    <subfield code="a">NWWA/API Conference on Petroleum Hydrocarbons and Organic Chemicals in Ground Water--Prevention, Detection, and Restoration</subfield>
  </datafield>
  <datafield tag="368" ind1=" " ind2=" ">
    <subfield code="a">Congresses and conventions</subfield>
    <subfield code="2">lcsh</subfield>
  </datafield>
  <datafield tag="411" ind1="2" ind2=" ">
    <subfield code="a">Conference on Petroleum Hydrocarbons and Organic Chemicals in Ground Water--Prevention, Detection, and Restoration, NWWA/API</subfield>
  </datafield>
  <datafield tag="511" ind1="2" ind2=" ">
    <subfield code="w">r</subfield>
    <subfield code="i">Successor:</subfield>
    <subfield code="a">Conference on Petroleum Hydrocarbons and Organic Chemicals in Ground Water--Prevention, Detection, and Restoration</subfield>
  </datafield>
  <datafield tag="667" ind1=" " ind2=" ">
    <subfield code="a">See also related access points for individual instances of this conference, which include specific information about the number, date, or place of individual conferences.</subfield>
  </datafield>
  <datafield tag="670" ind1=" " ind2=" ">
    <subfield code="a">Its (1985 : Houston, Tex.) Proceedings of the Petroleum Hydrocarbons and Organic Chemicals in Ground Water--Prevention ... 1986:</subfield>
    <subfield code="b">t.p. (NWWA/API Conference on Petroleum Hydrocarbons and Organic Chemicals in Ground Water--Prevention, Detection, and Restoration, Nov. 13-15, 1985, the Westin Galleria, Houston, Texas)</subfield>
  </datafield>
  <datafield tag="670" ind1=" " ind2=" ">
    <subfield code="a">Its (1986 : Houston, Tex.). Proceedings of the NWWA/API Conference on Petroleum Hydrocarbons and Organic Chemicals in Ground Water--Prevention, Detection, and Restoration, 11/12-14, 1986, Houston, Tex.)</subfield>
  </datafield>
  <datafield tag="670" ind1=" " ind2=" ">
    <subfield code="a">The National Water Well Association and American Petroleum Institute present Petroleum Hydrocarbons and Organic Chemicals in Ground Water--Prevention, Detection, and Restoration, 1986:</subfield>
    <subfield code="b">cover (NWWA/API Conference on Petroleum Hydrocarbons and Organic Chemicals in Ground Water--Prevention, Detection, and Restoration)</subfield>
  </datafield>
  <datafield tag="675" ind1=" " ind2=" ">
    <subfield code="a">Conf. on Petroleum Hydrocarbons and Organic Chemicals in Ground Water--Prevention, Detection, and Restoration (1989 : Houston, Tex.). Proceedings of the Conf. on Petroleum Hydrocarbons ... 1989: CIP t.p. (Conference on Petroleum Hydrocarbons and Organic Chemicals in Ground Water--Prevention, Detection, and Restoration; held 11/15-17/89, Houston, Tex.)</subfield>
  </datafield>
</record>